@inproceedings{Carbonell&Goldstein98,
  author =	 {Jaime G. Carbonell and Jade Goldstein},
  title =	 {{The Use of {MMR}, Diversity-Based Reranking for
                  Reordering Documents and Producing Summaries}},
  booktitle =	 {{Proceedings of the 21st Annual International ACM SIGIR
                  Conference on Research and Development in
                  Information Retrieval}},
  editor =	 {Alistair Moffat and Justin Zobel},
  address =	 {Melbourne, Australia},
  pages =	 {335--336},
  year =	 {1998},
}

@article{Pavlu_etal_NTCIR10,
  title={{1CLICK-2} English Task Overview},
  author={Pavlu, Virgil and Ekstrand-Abueg, Matthew and Kato, Makoto P. and Sakai, Tetsuya and Yamamoto, Takehiro and Iwata, Mayu},
  journal={Proceedings of NTCIR-10},
  year={2013}
}

@article{Sakai_etal_NTCIR9,
  title={Overview of {NTCIR-9} {1CLICK}},
  author={Sakai, Tetsuya and Kato, Makoto P and Song, Young-In},
  journal={Proceedings of NTCIR-9},
  pages={180--201},
  year={2011}
}

@inproceedings{Callan_SIGIR94,
 author = {Callan, James P.},
 title = {Passage-level evidence in document retrieval},
 @booktitle = {Proceedings of the 17th annual international ACM SIGIR conference on Research and development in information retrieval},
 booktitle = {Proceedings SIGIR '94},
 @series = {SIGIR '94},
 year = {1994},
 isbn = {0-387-19889-X},
 location = {Dublin, Ireland},
 pages = {302--310},
 numpages = {9},
 url = {http://dl.acm.org/citation.cfm?id=188490.188589},
 acmid = {188589},
 @publisher = {Springer-Verlag New York, Inc.},
 @address = {New York, NY, USA},
} 



@article{Zobel_etal_IPM95,
 author = {Zobel, Justin and Moffat, Alistair and Wilkinson, Ross and Sacks-Davis, Ron},
 title = {Efficient retrieval of partial documents},
 journal = {Inf. Process. Manage.},
 volume = {31},
 issue = {3},
 month = {May},
 year = {1995},
 issn = {0306-4573},
 pages = {361--377},
 numpages = {17},
 url = {http://dl.acm.org/citation.cfm?id=204453.204459},
 doi = {10.1016/0306-4573(94)00052-5},
 acmid = {204459},
 publisher = {Pergamon Press, Inc.},
 address = {Tarrytown, NY, USA},
} 



@InProceedings{he-duboue-nie:2012:PAPERS,
  author    = {He, Jing  and  Duboue, Pablo  and  Nie, Jian-Yun},
  title     = {Bridging the Gap between Intrinsic and Perceived Relevance in Snippet Generation},
  booktitle = {Proceedings of COLING 2012},
  month     = {December},
  year      = {2012},
  address   = {Mumbai, India},
  publisher = {The COLING 2012 Organizing Committee},
  pages     = {1129--1146},
  url       = {http://www.aclweb.org/anthology/C12-1069}
}



@inproceedings{McDonald_ECIR07,
  author    = {Ryan T. McDonald},
  title     = {A Study of Global Inference Algorithms in Multi-document
               Summarization},
  booktitle = {ECIR},
  year      = {2007},
  pages     = {557-564},
  ee        = {http://dx.doi.org/10.1007/978-3-540-71496-5_51},
  bibsource = {DBLP, http://dblp.uni-trier.de}
}


@inproceedings{Li_etal_NIPS07,
  author    = {Ping Li and
               Christopher J. C. Burges and
               Qiang Wu},
  title     = {McRank: Learning to Rank Using Multiple Classification and
               Gradient Boosting},
  booktitle = {NIPS},
  year      = {2007},
  ee        = {http://books.nips.cc/papers/files/nips20/NIPS2007_0845.pdf},
  bibsource = {DBLP, http://dblp.uni-trier.de},
  annotation = {
using gradient boosting decision tree method to treat the ranking problem as a classification, ordinal classification and regrssion problem;
  },
}


@inproceedings{Lafferty_etal_ICML01,
  author    = {John D. Lafferty and
               Andrew McCallum and
               Fernando C. N. Pereira},
  title     = {Conditional Random Fields: Probabilistic Models for Segmenting
               and Labeling Sequence Data},
  booktitle = {ICML},
  year      = {2001},
  pages     = {282-289},
}


@article{mccallum_02,
  title={Mallet: A machine learning for language toolkit},
  author={McCallum, Andrew Kachites},
  year={2002}
}


@inproceedings{strohman_ICIA2005,
  title={Indri: A language model-based search engine for complex queries},
  author={Strohman, Trevor and Metzler, Donald and Turtle, Howard and Croft, W Bruce},
  booktitle={Proceedings of the International Conference on Intelligent Analysis},
  volume={2},
  number={6},
  pages={2--6},
  year={2005},
  organization={Citeseer}
}


@inproceedings{seginer_etal_ACL07,
  title={Fast unsupervised incremental parsing},
  author={Seginer, Yoav},
  booktitle={Annual Meeting of the Association for Computational Linguistics},
  volume={45},
  number={1},
  pages={384},
  year={2007}
}


@article{ferrucci_etal_AI10,
  title={{Building Watson:} An overview of the {DeepQA} project},
  author={Ferrucci, David and Brown, Eric and Chu-Carroll, Jennifer and Fan, James and Gondek, David and Kalyanpur, Aditya A and Lally, Adam and Murdock, J William and Nyberg, Eric and Prager, John and others},
  journal={AI magazine},
  volume={31},
  number={3},
  pages={59--79},
  year={2010}
}

@inproceedings{conf/aaai/Chu-CarrollF11,
  added-at = {2011-08-09T00:00:00.000+0200},
  author = {Chu-Carroll, Jennifer and Fan, James},
  biburl = {http://www.bibsonomy.org/bibtex/276afee42bd00adb20bb46fa203a43815/dblp},
  booktitle = {AAAI},
  editor = {Burgard, Wolfram and Roth, Dan},
  ee = {http://www.aaai.org/ocs/index.php/AAAI/AAAI11/paper/view/3544},
  interhash = {d359cef8925c80d56666f857b103394d},
  intrahash = {76afee42bd00adb20bb46fa203a43815},
  keywords = {dblp},
  publisher = {AAAI Press},
  timestamp = {2011-08-09T00:00:00.000+0200},
  title = {Leveraging Wikipedia Characteristics for Search and Candidate Generation in Question Answering.},
  url = {http://dblp.uni-trier.de/db/conf/aaai/aaai2011.html#Chu-CarrollF11},
  year = 2011
}

@misc{Makhorin/00/GLPK,
  added-at = {2009-05-20T01:29:36.000+0200},
  author = {Makhorin, Andrew},
  biburl = {http://www.bibsonomy.org/bibtex/282399082c25d30dc8d18b05a6b3ac56a/sriram0339},
  description = {First cut database},
  interhash = {832dcbd187584426f018443b5b9229cf},
  intrahash = {82399082c25d30dc8d18b05a6b3ac56a},
  keywords = {imported},
  note = {Available online from \url{http://www.gnu.org/software/glpk/glpk.html}},
  timestamp = {2009-05-20T01:29:36.000+0200},
  title = { The {GNU} {L}inear {P}rogramming {K}it ({GLPK})},
  year = 2000
}

@inproceedings{conf/cikm/KrikonCK12,
  added-at = {2012-11-16T00:00:00.000+0100},
  author = {Krikon, Eyal and Carmel, David and Kurland, Oren},
  biburl = {http://www.bibsonomy.org/bibtex/25d31331a443932bfd25b588ea3a80cf8/dblp},
  booktitle = {CIKM},
  editor = {wen Chen, Xue and Lebanon, Guy and Wang, Haixun and Zaki, Mohammed J.},
  ee = {http://doi.acm.org/10.1145/2396761.2398664},
  interhash = {03cf9459b6a61d2a6088b83d4ba7ba7e},
  intrahash = {5d31331a443932bfd25b588ea3a80cf8},
  isbn = {978-1-4503-1156-4},
  keywords = {dblp},
  pages = {2451-2454},
  publisher = {ACM},
  timestamp = {2012-11-16T00:00:00.000+0100},
  title = {Predicting the performance of passage retrieval for question answering.},
  url = {http://dblp.uni-trier.de/db/conf/cikm/cikm2012.html#KrikonCK12},
  year = 2012
}

@Article{ Gondek_al:12,
  author = 	 {Gondek, D. C. and Lally, A. and Kalyanpur, A. and Murdock, J. W. and Duboue, P. A. and Zhang, L. and Pan, Y. and Qiu, Z. M. and Welty, C.},
  title = 	 {A framework for merging and ranking of answers in {D}eep{QA}},
  journal = 	 {IBM Journal of Research and Development},
  year = 	 {2012},
  volume = 	 {56},
  number = 	 {3.4},
  pages = 	 {14:1 -- 14:12},
  note = 	 {Digital Object Identifier: 10.1147/JRD.2012.2188760}
}

@Article{Jaccard,
  author = "Jaccard, Paul",
  year = 1901, 
  title="Étude comparative de la distribution florale dans une portion des Alpes et des Jura", 
  journal = "Bulletin de la Société Vaudoise des Sciences Naturelles",
  number =37,
  pages=  "547--579"
}

@article{siddharthan2006syntactic,
  title={Syntactic simplification and text cohesion},
  author={Siddharthan, Advaith},
  journal={Research on Language and Computation},
  volume={4},
  number={1},
  pages={77--109},
  year={2006},
  publisher={Springer}
}

@article{clarke2008global,
  title={Global inference for sentence compression: An integer linear programming approach},
  author={Clarke, James and Lapata, Mirella},
  journal={Journal of Artificial Intelligence Research},
  volume={31},
  number={1},
  pages={399--429},
  year={2008}
}
